
@Article{sadgal:2005,
  title={Aerial image processing and object recognition},
  author={Sadgal, Mohammed and El Fazziki, Aziz and Ouahman, Abdellah Ait},
  journal={The Visual Computer},
  volume={21},
  number={1-2},
  pages={118--123},
  year={2005},
  publisher={Springer}
}

@Article{dubuisson:2000,
  Title                    = {Color and texture fusion: application to aerial image segmentation and \{GIS\} updating},
  Author                   = {M.-P. Dubuisson-Jolly and A. Gupta},
  Journal                  = {Image and Vision Computing },
  Year                     = {2000},
  Number                   = {10},
  Pages                    = {823 - 832},
  Volume                   = {18},
  Doi                      = {http://dx.doi.org/10.1016/S0262-8856(99)00050-5},
  ISSN                     = {0262-8856},
  Keywords                 = {Color segmentation},
}

@INPROCEEDINGS{ahmadi:2013,
  author={Ahmadi, P.},
  booktitle={Image and Signal Processing (CISP), 2013 6th International Congress on},
  title={A simple and efficient method for segmentation and classification of aerial images},
  year={2013},
  month={Dec},
  volume={01},
  pages={566-570},
  keywords={Gabor filters;geophysical image processing;image classification;image segmentation;image texture;support vector machines;Gabor texture features;HSV color space;KNN;SVM;aerial image classification;aerial image segmentation;pixel-level classification;sparse representation;Accuracy;Classification algorithms;Feature extraction;Image color analysis;Image segmentation;Support vector machines;Training;aerial images;classification;segmentation},
  doi={10.1109/CISP.2013.6744061}
}

@INPROCEEDINGS{ghiasi:2013,
  author={Ghiasi, M. and Amirfattahi, R.},
  booktitle={Machine Vision and Image Processing (MVIP), 2013 8th Iranian Conference on},
  title={Fast semantic segmentation of aerial images based on color and texture},
  year={2013},
  month={Sept},
  pages={324-327},
  keywords={geophysical image processing;image classification;image colour analysis;image segmentation;image texture;learning (artificial intelligence);KNN classifier;RGB images;aerial images;color descriptors;color histograms;fast semantic segmentation method;homogenous area extraction;image classification;local binary pattern histogram Fourier features;segmentation map;semantic label;superpixel labeling;texture descriptors;training image;training phase;Classification algorithms;Histograms;Image color analysis;Image segmentation;Object segmentation;Semantics;Training;Semantic Recognition;Texture descriptors;aerial images;superpixels},
  doi={10.1109/IranianMVIP.2013.6780004},
  ISSN={2166-6776},
}

@INPROCEEDINGS{ahonen:2009,
  author = {Ahonen T. and Matas J. and He C & Pietik√§inen M.},
  title = {Rotation invariant image description with local binary pattern histogram fourier features.},
  year = {2009},
  booktitle = {In: Image Analysis, SCIA 2009 Proceedings, Lecture Notes in Computer Science 5575, 61-70},
  note = {ISBN 978-3-642-02229-6}
}

@ARTICLE{levinshtein:2009,
  author={Levinshtein, A. and Stere, A. and Kutulakos, K.N. and Fleet, D.J. and Dickinson, S.J. and Siddiqi, K.},
  journal={Pattern Analysis and Machine Intelligence, IEEE Transactions on},
  title={TurboPixels: Fast Superpixels Using Geometric Flows},
  year={2009},
  month={Dec},
  volume={31},
  number={12},
  pages={2290-2297},
  keywords={computational complexity;geometry;image resolution;image segmentation;Berkeley database;N-cuts;TurboPixels;dense oversegmentation;fast superpixels;geometric flows;image labeling;image segmentation;perceptual grouping;superpixels;Superpixels;image labeling;image segmentation;perceptual grouping.},
  doi={10.1109/TPAMI.2009.96},
  ISSN={0162-8828},
}

@Article{fogel:1989,
  Title={Gabor filters as texture discriminator},
  Author={Fogel, I. and Sagi, D.},
  Journal={Biological Cybernetics},
  Year={1989},
  Number={2},
  Pages={103-113},
  Volume={61},
  doi={10.1007/BF00204594},
  ISSN={0340-1200},
  Language={English},
  Publisher={Springer-Verlag},
}

@book{jain:1989,
 author = {Jain, Anil K.},
 title = {Fundamentals of Digital Image Processing},
 year = {1989},
 isbn = {0-13-336165-9},
 publisher = {Prentice-Hall, Inc.},
 address = {Upper Saddle River, NJ, USA},
} 

@book{alpaydin:2010,
 author = {Alpaydin, Ethem},
 title = {Introduction to Machine Learning},
 year = {2010},
 isbn = {026201243X, 9780262012430},
 edition = {2nd},
 publisher = {The MIT Press},
} 

@book{russell:2010,
  title={Artificial Intelligence: A Modern Approach},
  author={Russell, S.J. and Norvig, P.},
  isbn={9780136042594},
  lccn={2011288031},
  series={Prentice Hall series in artificial intelligence},
  year={2010},
  publisher={Prentice Hall}
}


