
@Article{sadgal:2005,
  title={Aerial image processing and object recognition},
  author={Sadgal, Mohammed and El Fazziki, Aziz and Ouahman, Abdellah Ait},
  journal={The Visual Computer},
  volume={21},
  number={1-2},
  pages={118--123},
  year={2005},
  publisher={Springer}
}

@Article{dubuisson:2000,
  Title                    = {Color and texture fusion: application to aerial image segmentation and \{GIS\} updating},
  Author                   = {M.-P. Dubuisson-Jolly and A. Gupta},
  Journal                  = {Image and Vision Computing },
  Year                     = {2000},
  Number                   = {10},
  Pages                    = {823 - 832},
  Volume                   = {18},
  Doi                      = {http://dx.doi.org/10.1016/S0262-8856(99)00050-5},
  ISSN                     = {0262-8856},
  Keywords                 = {Color segmentation},
}

@INPROCEEDINGS{ahmadi:2013,
  author={Ahmadi, P.},
  booktitle={Image and Signal Processing (CISP), 2013 6th International Congress on},
  title={A simple and efficient method for segmentation and classification of aerial images},
  year={2013},
  month={Dec},
  volume={01},
  pages={566-570},
  keywords={Gabor filters;geophysical image processing;image classification;image segmentation;image texture;support vector machines;Gabor texture features;HSV color space;KNN;SVM;aerial image classification;aerial image segmentation;pixel-level classification;sparse representation;Accuracy;Classification algorithms;Feature extraction;Image color analysis;Image segmentation;Support vector machines;Training;aerial images;classification;segmentation},
  doi={10.1109/CISP.2013.6744061}
}

@INPROCEEDINGS{ghiasi:2013,
  author={Ghiasi, M. and Amirfattahi, R.},
  booktitle={Machine Vision and Image Processing (MVIP), 2013 8th Iranian Conference on},
  title={Fast semantic segmentation of aerial images based on color and texture},
  year={2013},
  month={Sept},
  pages={324-327},
  keywords={geophysical image processing;image classification;image colour analysis;image segmentation;image texture;learning (artificial intelligence);KNN classifier;RGB images;aerial images;color descriptors;color histograms;fast semantic segmentation method;homogenous area extraction;image classification;local binary pattern histogram Fourier features;segmentation map;semantic label;superpixel labeling;texture descriptors;training image;training phase;Classification algorithms;Histograms;Image color analysis;Image segmentation;Object segmentation;Semantics;Training;Semantic Recognition;Texture descriptors;aerial images;superpixels},
  doi={10.1109/IranianMVIP.2013.6780004},
  ISSN={2166-6776},
}

@INPROCEEDINGS{ahonen:2009,
  author = {Ahonen T. and Matas J. and He C & Pietikäinen M.},
  title = {Rotation invariant image description with local binary pattern histogram fourier features.},
  year = {2009},
  booktitle = {In: Image Analysis, SCIA 2009 Proceedings, Lecture Notes in Computer Science 5575, 61-70},
  note = {ISBN 978-3-642-02229-6}
}

@ARTICLE{levinshtein:2009,
  author={Levinshtein, A. and Stere, A. and Kutulakos, K.N. and Fleet, D.J. and Dickinson, S.J. and Siddiqi, K.},
  journal={Pattern Analysis and Machine Intelligence, IEEE Transactions on},
  title={TurboPixels: Fast Superpixels Using Geometric Flows},
  year={2009},
  month={Dec},
  volume={31},
  number={12},
  pages={2290-2297},
  keywords={computational complexity;geometry;image resolution;image segmentation;Berkeley database;N-cuts;TurboPixels;dense oversegmentation;fast superpixels;geometric flows;image labeling;image segmentation;perceptual grouping;superpixels;Superpixels;image labeling;image segmentation;perceptual grouping.},
  doi={10.1109/TPAMI.2009.96},
  ISSN={0162-8828},
}

@Article{fogel:1989,
  Title={Gabor filters as texture discriminator},
  Author={Fogel, I. and Sagi, D.},
  Journal={Biological Cybernetics},
  Year={1989},
  Number={2},
  Pages={103-113},
  Volume={61},
  doi={10.1007/BF00204594},
  ISSN={0340-1200},
  Language={English},
  Publisher={Springer-Verlag},
}

@book{jain:1989,
 author = {Jain, Anil K.},
 title = {Fundamentals of Digital Image Processing},
 year = {1989},
 isbn = {0-13-336165-9},
 publisher = {Prentice-Hall, Inc.},
 address = {Upper Saddle River, NJ, USA},
} 

@book{alpaydin:2010,
 author = {Alpaydin, Ethem},
 title = {Introduction to Machine Learning},
 year = {2010},
 isbn = {026201243X, 9780262012430},
 edition = {2nd},
 publisher = {The MIT Press},
} 

@book{russell:2010,
  title={Artificial Intelligence: A Modern Approach},
  author={Russell, S.J. and Norvig, P.},
  isbn={9780136042594},
  lccn={2011288031},
  series={Prentice Hall series in artificial intelligence},
  year={2010},
  publisher={Prentice Hall}
}

@book{nixon:2008,
  title={Feature extraction \& image processing},
  author={Nixon, Mark},
  year={2008},
  publisher={Academic Press}
}

@misc{gonzalez:2002,
  title={Digital image processing},
  author={Gonzalez, Rafael C and Woods, Richard E},
  year={2002},
  publisher={Prentice hall Upper Saddle River, NJ:}
}

@ARTICLE{deng:2001,
author={Yining Deng and Manjunath, B.S.},
journal={Pattern Analysis and Machine Intelligence, IEEE Transactions on},
title={Unsupervised segmentation of color-texture regions in images and video},
year={2001},
month={Aug},
volume={23},
number={8},
pages={800-810},
keywords={data compression;image coding;image colour analysis;image segmentation;image sequences;image texture;video signal processing;J-image;JSEG method;class-map;color class labels;color quantization;color-texture regions;image segmentation;local windows;multiscale images;nonrigid object motion;region growing method;region tracking;spatial segmentation;unsupervised segmentation;video sequences;Color;Focusing;Image segmentation;Layout;Parameter estimation;Pixel;Quantization;Robustness;Spatiotemporal phenomena;Tracking},
doi={10.1109/34.946985},
ISSN={0162-8828},}

@ARTICLE{comaniciu:2002,
author={Comaniciu, D. and Meer, P.},
journal={Pattern Analysis and Machine Intelligence, IEEE Transactions on},
title={Mean shift: a robust approach toward feature space analysis},
year={2002},
month={May},
volume={24},
number={5},
pages={603-619},
keywords={computer vision;estimation theory;image segmentation;nonparametric statistics;pattern clustering;smoothing methods;Nadaraya-Watson estimator;algorithm performance;analysis resolution;arbitrarily shaped cluster delineation;color images;complex multimodal feature space;computational module;convergence;density function;density modes detection;discontinuity-preserving image smoothing;discrete data;gray-level images;image segmentation;kernel regression;location estimation;low-level vision algorithms;mean shift;nearest stationary point;nonparametric technique;pattern recognition procedure;recursive mean shift procedure;robust M-estimators;robust feature space analysis;user-set parameter;Convergence;Density functional theory;Image analysis;Image color analysis;Image resolution;Image segmentation;Kernel;Pattern recognition;Robustness;Smoothing methods},
doi={10.1109/34.1000236},
ISSN={0162-8828},}


@article{benz:2004,
  title={Multi-resolution, object-oriented fuzzy analysis of remote sensing data for GIS-ready information},
  author={Benz, Ursula C and Hofmann, Peter and Willhauck, Gregor and Lingenfelder, Iris and Heynen, Markus},
  journal={ISPRS Journal of photogrammetry and remote sensing},
  volume={58},
  number={3},
  pages={239--258},
  year={2004},
  publisher={Elsevier}
}

@article{nock:2004,
  title={Statistical region merging},
  author={Nock, Richard and Nielsen, Frank},
  journal={Pattern Analysis and Machine Intelligence, IEEE Transactions on},
  volume={26},
  number={11},
  pages={1452--1458},
  year={2004},
  publisher={IEEE}
}

@article{felzenszwalb:2004,
  title={Efficient graph-based image segmentation},
  author={Felzenszwalb, Pedro F and Huttenlocher, Daniel P},
  journal={International Journal of Computer Vision},
  volume={59},
  number={2},
  pages={167--181},
  year={2004},
  publisher={Springer}
}

@article{yuan:2013,
  title={Factorization-based texture segmentation},
  author={Yuan, Jiangye and Wang, DL},
  journal={Dept. Comput. Sci. Eng., The Ohio State Univ., Columbus, OH, USA, Tech. Rep. OSU-CISRC-1/13-TR01},
  year={2013}
}

@Article{arbelaez:2011,
 author = {Arbelaez, Pablo and Maire, Michael and Fowlkes, Charless and Malik, Jitendra},
 title = {Contour Detection and Hierarchical Image Segmentation},
 journal = {IEEE Transactions on Pattern Analysis and Machine Intelligence},
 issue_date = {May 2011},
 volume = {33},
 number = {5},
 month = may,
 year = {2011},
 issn = {0162-8828},
 pages = {898--916},
 numpages = {19},
 url = {http://dx.doi.org/10.1109/TPAMI.2010.161},
 doi = {10.1109/TPAMI.2010.161},
 acmid = {1963088},
 publisher = {IEEE Computer Society},
 address = {Washington, DC, USA},
 keywords = {Contour detection, image segmentation, computer vision.},
}

@article{yuan2:2013,
  title={Systematic benchmarking of aerial image segmentation},
  author={Yuan, Jiangye and Gleason, Shaun S and Cheriyadat, Anil M},
  year={2013},
  publisher={IEEE}
}

@online{geoma,
	author = {INPE},
	title = {Projeto {GEOMA} http://www.geoma.lncc.br/},
	month = ago,
	year = {2013},
	url = {http://www.geoma.lncc.br/}
}

@online{ibge,
	author = {IBGE},
	title = {Instituto Brasileiro de Geografia e Estatística},
	month = feb,
	year = {2015},
	url = {http://www.ibge.gov.br},
}

@inproceedings{silva:2013,
	title = {Veículos aéreos não tripulados: panorama atual e perspectivas para o monitoramento de atividades ilícitas na Amazônia},
	author = {Silva, Eristelma Teixeira de Jesus Barbosa},
	year = {2013},
	month = apr,
	booktitle={Anais},
	pages = {9324-9331},
	isbn = {978-85-17-00066-9},
	url = {http://marte2.sid.inpe.br/rep/dpi.inpe.br/marte2/2013/05.29.00.53.37}
}

@article{linhares:2014,
  title={VANT’S APLICADOS AO MONITORAMENTO DA EVOLU{\c{C}}{\~A}O VEGETATIVA DE CULTURAS AGR{\'I}COLAS},
  author={Linhares, Mayklyns MA and Amaral, Breno AS and Costa, Anap and others},
  journal={Congresso Brasileiro de Agricultura de Precisão},
  year= {2014}
}

@article{santos:2005,
  title={Integra{\c{c}}{\~a}o de imagens LANDSAT/ETM+ e CBERS-2/CCD para detec{\c{c}}{\~a}o de mudan{\c{c}}as em {\'a}rea da Amaz{\^o}nia sob dom{\'\i}nio da floresta de transi{\c{c}}{\~a}o},
  author={dos Santos, Jo{\~a}o Roberto and Maldonado, Francisco Dar{\'\i}o and Gra{\c{c}}a, Paulo Mauricio Lima Alencastro},
  journal={Revista Brasileira de Cartografia},
  volume={1},
  number={57},
  year={2005}
}

@article{vapnik:1995,
	year={1995},
	issn={0885-6125},
	journal={Machine Learning},
	volume={20},
	number={3},
	doi={10.1007/BF00994018},
	title={Support-vector networks},
	url={http://dx.doi.org/10.1007/BF00994018},
	publisher={Kluwer Academic Publishers},
	keywords={pattern recognition; efficient learning algorithms; neural networks; radial basis function classifiers; polynomial classifiers},
	author={Vapnik, Vladimir and Cortes, Corinna},
	pages={273-297},
	language={English}
}


@ARTICLE{chapelle:1999,
	author={Chapelle, O. and Haffner, P. and Vapnik, V.N.},
	journal={Neural Networks, IEEE Transactions on},
	title={Support vector machines for histogram-based image classification},
	year={1999},
	month={Sep},
	volume={10},
	number={5},
	pages={1055-1064},
	doi={10.1109/72.788646},
	ISSN={1045-9227},
}

@ARTICLE{cover:1967,
	author={Cover, T. and Hart, P.},
	journal={Information Theory, IEEE Transactions on},
	title={Nearest neighbor pattern classification},
	year={1967},
	volume={13},
	number={1},
	pages={21-27},
	keywords={Pattern classification},
	doi={10.1109/TIT.1967.1053964},
	ISSN={0018-9448}
}

@INPROCEEDINGS{martin:2001,
	author={Martin, D. and Fowlkes, C. and Tal, D. and Malik, J.},
	booktitle={Computer Vision, 2001. ICCV 2001. Proceedings. Eighth IEEE International Conference on},
	title={A database of human segmented natural images and its application to evaluating segmentation algorithms and measuring ecological statistics},
	year={2001},
	month={},
	volume={2},
	pages={416-423 vol.2},
	doi={10.1109/ICCV.2001.937655},
}

@INPROCEEDINGS{cavalcanti:2015,
	author={Cavalcanti, Luiz Carlos A. M. and Carvalho, José Reginaldo Hughes and Santos, Eulanda Miranda dos},
	booktitle={Computer Vision Theory and Applications, 2015. VISAPP 2015. Proceedings. Eighth IEEE International Conference on},
	title={A Comparison on Supervised Machine Learning Classification Techniques for Semantic Segmentation of Aerial Images of Rain Forest Regions},
	year={2015},
%	month={},
%	volume={2},
%	pages={416-423 vol.2},
%	doi={10.1109/ICCV.2001.937655},
}
