@article{sadgal:2005,
  title={Aerial image processing and object recognition},
  author={Sadgal, Mohammed and El Fazziki, Aziz and Ouahman, Abdellah Ait},
  journal={The Visual Computer},
  volume={21},
  number={1-2},
  pages={118-123},
  year={2005},
  publisher={Springer}
}

@article{dubuisson:2000,
  title={Color and texture fusion: application to aerial image segmentation and {GIS} updating},
  author={M.-P. Dubuisson-Jolly and A. Gupta},
  journal={Image and Vision Computing},
  year={2000},
  number={10},
  pages={823-832},
  volume={18},
  doi={http://dx.doi.org/10.1016/S0262-8856(99)00050-5},
  issn={0262-8856}
}

@inproceedings{ahmadi:2013,
  author={Ahmadi, P.},
  booktitle={Image and Signal Processing (CISP), 2013 6th International Congress on},
  title={A simple and efficient method for segmentation and classification of aerial images},
  year={2013},
  month={Dec},
  volume={01},
  pages={566-570},
  doi={10.1109/CISP.2013.6744061}
}

@inproceedings{ghiasi:2013,
  author={Ghiasi, M. and Amirfattahi, R.},
  booktitle={Machine Vision and Image Processing (MVIP), 2013 8th Iranian Conference on},
  title={Fast semantic segmentation of aerial images based on color and texture},
  year={2013},
  month={Sept},
  pages={324-327},
  doi={10.1109/IranianMVIP.2013.6780004},
  issn={2166-6776}
}

@inproceedings{ahonen:2009,
  author={Ahonen, T. and Matas, J. and He, C and Pietikäinen, M.},
  title={Rotation invariant image description with local binary pattern histogram fourier features},
  year={2009},
  booktitle={Image Analysis: 16th Scandinavian Conference, SCIA 2009, Oslo, Norway, June 15-18, 2009. Proceedings},
  pages={61-70}
  isbn={978-3-642-02229-6},
  doi={10.1007/978-3-642-02230-2_7},
  publisher={Springer Berlin Heidelberg}
}

@article{levinshtein:2009,
  author={Levinshtein, A. and Stere, A. and Kutulakos, K.N. and Fleet, D.J. and Dickinson, S.J. and Siddiqi, K.},
  journal={Pattern Analysis and Machine Intelligence, IEEE Transactions on},
  title={TurboPixels: Fast Superpixels Using Geometric Flows},
  year={2009},
  month={Dec},
  volume={31},
  number={12},
  pages={2290-2297},
  doi={10.1109/TPAMI.2009.96},
  issn={0162-8828}
}

@article{fogel:1989,
  title={Gabor filters as texture discriminator},
  author={Fogel, I. and Sagi, D.},
  journal={Biological Cybernetics},
  year={1989},
  number={2},
  pages={103-113},
  volume={61},
  doi={10.1007/BF00204594},
  issn={0340-1200},
  language={English},
  publisher={Springer-Verlag}
}

@book{jain:1989,
  author={Jain, Anil K.},
  title={Fundamentals of Digital Image Processing},
  year={1989},
  isbn={0-13-336165-9},
  publisher={Prentice-Hall, Inc.},
  address={Upper Saddle River, NJ, USA}
} 

@book{alpaydin:2010,
  author={Alpaydin, Ethem},
  title={Introduction to Machine Learning},
  year={2010},
  isbn={026201243X, 9780262012430},
  edition={2nd},
  publisher={The MIT Press}
} 

@book{russell:2010,
  title={Artificial Intelligence: A Modern Approach},
  author={Russell, S.J. and Norvig, P.},
  isbn={9780136042594},
  lccn={2011288031},
  series={Prentice Hall series in artificial intelligence},
  year={2010},
  publisher={Prentice Hall}
}

@book{nixon:2008,
  title={Feature extraction \& image processing},
  author={Nixon, Mark and Aguado, Alberto},
  year={2008},
  publisher={Academic Press}
}

@book{gonzalez:2002,
  title={Digital image processing},
  author={Gonzalez, Rafael C and Woods, Richard E},
  year={2002},
  publisher={Prentice hall Upper Saddle River, NJ:}
}

@article{deng:2001,
  author={Deng, Yining and Manjunath, BS},
  journal={Pattern Analysis and Machine Intelligence, IEEE Transactions on},
  title={Unsupervised segmentation of color-texture regions in images and video},
  year={2001},
  month={Aug},
  volume={23},
  number={8},
  pages={800-810},
  doi={10.1109/34.946985},
  issn={0162-8828}
}

@article{comaniciu:2002,
  author={Comaniciu, D. and Meer, P.},
  journal={Pattern Analysis and Machine Intelligence, IEEE Transactions on},
  title={Mean shift: a robust approach toward feature space analysis},
  year={2002},
  month={May},
  volume={24},
  number={5},
  pages={603-619},
  doi={10.1109/34.1000236},
  issn={0162-8828}
}

@article{benz:2004,
  title={Multi-resolution, object-oriented fuzzy analysis of remote sensing data for GIS-ready information},
  author={Benz, Ursula C and Hofmann, Peter and Willhauck, Gregor and Lingenfelder, Iris and Heynen, Markus},
  journal={ISPRS Journal of photogrammetry and remote sensing},
  volume={58},
  number={3},
  pages={239-258},
  year={2004},
  publisher={Elsevier}
}

@article{nock:2004,
  title={Statistical region merging},
  author={Nock, Richard and Nielsen, Frank},
  journal={Pattern Analysis and Machine Intelligence, IEEE Transactions on},
  volume={26},
  number={11},
  pages={1452--1458},
  year={2004},
  publisher={IEEE}
}

@article{felzenszwalb:2004,
  title={Efficient graph-based image segmentation},
  author={Felzenszwalb, Pedro F and Huttenlocher, Daniel P},
  journal={International Journal of Computer Vision},
  volume={59},
  number={2},
  pages={167-181},
  year={2004},
  publisher={Springer}
}

@article{yuan:2013,
  title={Factorization-based texture segmentation},
  author={Yuan, Jiangye and Wang, DL},
  journal={Dept. Comput. Sci. Eng., The Ohio State Univ., Columbus, OH, USA, Tech. Rep. OSU-CISRC-1/13-TR01},
  year={2013}
}

@Article{arbelaez:2011,
  author = {Arbelaez, Pablo and Maire, Michael and Fowlkes, Charless and Malik, Jitendra},
  title = {Contour Detection and Hierarchical Image Segmentation},
  journal = {IEEE Transactions on Pattern Analysis and Machine Intelligence},
  issue_date = {May 2011},
  volume = {33},
  number = {5},
  month = may,
  year = {2011},
  issn = {0162-8828},
  pages = {898--916},
  numpages = {19},
  doi = {10.1109/TPAMI.2010.161},
  acmid = {1963088},
  publisher = {IEEE Computer Society},
  address = {Washington, DC, USA}
}

@article{yuan2:2013,
  title={Systematic benchmarking of aerial image segmentation},
  author={Yuan, Jiangye and Gleason, Shaun S and Cheriyadat, Anil M},
  year={2013},
  publisher={IEEE}
}

@online{geoma,
  author={INPE},
  title={Projeto {GEOMA}},
  month={ago},
  year={2013},
  url={http://www.geoma.lncc.br/}
}

@online{ibge,
  author={IBGE},
  title={Instituto Brasileiro de Geografia e Estatística},
  month={feb},
  year={2015},
  url={http://www.ibge.gov.br}
}

@inproceedings{silva:2013,
  title={Veículos aéreos não tripulados: panorama atual e perspectivas para o monitoramento de atividades ilícitas na Amazônia},
  author={Silva, Eristelma Teixeira de Jesus Barbosa},
  year={2013},
  month={apr},
  booktitle={Simpósio Brasileiro de Sensoriamento Remoto (SBSR), 16, Anais},
  pages={9324-9331},
  isbn={978-85-17-00066-9}
}

@article{linhares:2014,
  title={VANT’S APLICADOS AO MONITORAMENTO DA EVOLU{\c{C}}{\~A}O VEGETATIVA DE CULTURAS AGR{\'I}COLAS},
  author={Linhares, Mayklyns MA and Amaral, Breno AS and Costa, Anap and others},
  journal={Congresso Brasileiro de Agricultura de Precisão},
  year={2014}
}

@article{santos:2005,
  title={Integra{\c{c}}{\~a}o de imagens LANDSAT/ETM+ e CBERS-2/CCD para detec{\c{c}}{\~a}o de mudan{\c{c}}as em {\'a}rea da Amaz{\^o}nia sob dom{\'\i}nio da floresta de transi{\c{c}}{\~a}o},
  author={dos Santos, Jo{\~a}o Roberto and Maldonado, Francisco Dar{\'\i}o and Gra{\c{c}}a, Paulo Mauricio Lima Alencastro},
  journal={Revista Brasileira de Cartografia},
  volume={1},
  number={57},
  year={2005}
}

@article{vapnik:1995,
  year={1995},
  issn={0885-6125},
  journal={Machine Learning},
  volume={20},
  number={3},
  doi={10.1007/BF00994018},
  title={Support-vector networks},
  publisher={Kluwer Academic Publishers},
  author={Vapnik, Vladimir and Cortes, Corinna},
  pages={273-297},
  language={English}
}


@article{chapelle:1999,
  author={Chapelle, O. and Haffner, P. and Vapnik, V.N.},
  journal={Neural Networks, IEEE Transactions on},
  title={Support vector machines for histogram-based image classification},
  year={1999},
  month={Sep},
  volume={10},
  number={5},
  pages={1055-1064},
  doi={10.1109/72.788646},
  issn={1045-9227}
}

@article{cover:1967,
  author={Cover, T. and Hart, P.},
  journal={Information Theory, IEEE Transactions on},
  title={Nearest neighbor pattern classification},
  year={1967},
  volume={13},
  number={1},
  pages={21-27},
  doi={10.1109/TIT.1967.1053964},
  issn={0018-9448}
}

@inproceedings{martin:2001,
  author={Martin, D. and Fowlkes, C. and Tal, D. and Malik, J.},
  booktitle={Computer Vision, 2001. ICCV 2001. Proceedings. Eighth IEEE International Conference on},
  title={A database of human segmented natural images and its application to evaluating segmentation algorithms and measuring ecological statistics},
  year={2001},
  month={},
  volume={2},
  pages={416-423 vol.2},
  doi={10.1109/ICCV.2001.937655}
}

@inproceedings{cavalcanti:2015,
  author={Cavalcanti, Luiz Carlos A. M. and Carvalho, José Reginaldo Hughes and Santos, Eulanda Miranda dos},
  booktitle={Computer Vision Theory and Applications, 2015. VISAPP 2015. Proceedings. Eighth IEEE International Conference on},
  title={A Comparison on Supervised Machine Learning Classification Techniques for Semantic Segmentation of Aerial Images of Rain Forest Regions},
  year={2015},
  month={},
  volume={2},
  pages={416-423 vol.2},
  doi={10.1109/ICCV.2001.937655}
}

@online{amazonsegmentation,
  author={Cavalcanti, Luiz Carlos A. M.},
  title={Amazon rainforest image segmentation experiment},
  month=sep,
  year={2015},
  url={http://amazonsegmentation.ddns.net/}
}

@article{breiman:2001,
  year={2001},
  issn={0885-6125},
  journal={Machine Learning},
  volume={45},
  number={1},
  doi={10.1023/A:1010933404324},
  title={Random Forests},
  publisher={Kluwer Academic Publishers},
  author={Breiman, Leo},
  pages={5-32},
  language={English}
}

@phdthesis{hall:1998,
  address={Hamilton, New Zealand},
  author={M. A. Hall},
  school={University of Waikato},
  title={Correlation-based Feature Subset Selection for Machine Learning},
  year={1998}
}

@article{mitchell:1997,
  title={Machine learning. 1997},
  author={Mitchell, Tom M},
  journal={Burr Ridge, IL: McGraw Hill},
  volume={45},
  year={1997}
}

@inproceedings{john:1995,
  address = {San Mateo},
  author = {George H. John and Pat Langley},
  booktitle = {Eleventh Conference on Uncertainty in Artificial Intelligence},
  pages = {338-345},
  publisher = {Morgan Kaufmann},
  title = {Estimating Continuous Distributions in Bayesian Classifiers},
  year = {1995}
}

@article{scholkopf:1999,
  title={Support Vector Method for Novelty Detection.},
  author={Schölkopf, Bernhard and Williamson, Robert C and Smola, Alexander J and Shawe-Taylor, John and Platt, John C and others},
  journal={NIPS},
  volume={12},
  pages={582--588},
  year={1999}
}

@article{breiman:1996,
  author={Breiman, Leo},
  title={Bagging predictors},
  journal={Machine Learning},
  volume={24},
  number={2},
  year={1996}
  pages={123--140},
  issn={1573-0565},
  doi={10.1007/BF00058655}
}

@inproceedings{hadjadji:2014,
  author={Hadjadji, B. and Chibani, Y. and Guerbai, Y.},
  booktitle={Pattern Recognition (ICPR), 2014 22nd International Conference on},
  title={Multiple One-Class Classifier Combination for Multi-class Classification},
  year={2014},
  pages={2832-2837},
  doi={10.1109/ICPR.2014.488},
  issn={1051-4651},
  month={Aug}
}

@mastersthesis{fernandes:2008,
  author={Carol da Encarnação Fernandes},
  title={Classificação de imagens de sensoriamento remoto com área desmatada},
  school={Universidade Federal do Amazonas},
  address={Manaus},
  year={2008}
}

@book{witten:2011,
  author={Witten, Ian H. and Frank, Eibe and Hall, Mark A.},
  title={Data Mining: Practical Machine Learning Tools and Techniques},
  year={2011},
  isbn={0123748569, 9780123748560},
  edition={3rd},
  publisher={Morgan Kaufmann Publishers Inc.},
  address={San Francisco, CA, USA}
}

@article{lu:2012,
  author={Lu, Dengsheng and Batistella, Mateus and Li, Guiying and Moran, Emilio},
  doi={10.1590/S0100-204X2012000900004},
  issn={0100-204x},
  journal={Pesquisa Agropecu{\'{a}}ria Brasileira},
  number={9},
  pages={1185--1208},
  title={{Land use/cover classification in the Brazilian Amazon using satellite images}},
  volume={47},
  year={2012}
}

@article{lu:2014,
  author={Dengsheng Lu and Guiying Li and Emilio Moran and Luciano Dutra and Mateus Batistella},
  title={The roles of textural images in improving land-cover classification in the Brazilian Amazon},
  journal={International Journal of Remote Sensing},
  volume={35},
  number={24},
  pages={8188-8207},
  year={2014},
  doi={10.1080/01431161.2014.980920}
}

@article{almeidafilho:1998,
  author={Almeida Filho, Raimundo and Nascimento, Paulo S{\'{e}}rgio Rezende and Batista, Getulio Teixeira},
  doi={10.1590/1809-43921998281054},
  issn={1809-4392},
  journal={Acta Amazonica},
  month={mar},
  number={1},
  pages={41--41},
  title={{Avalia{\c{c}}{\~{a}}o de t{\'{e}}cnicas de segmenta{\c{c}}{\~{a}}o e classifica{\c{c}}{\~{a}}o autom{\'{a}}tica de imagens landsat-tm no mapeamento do uso do solo na Amaz{\^{o}}nia}},
  volume={28},
  year={1998}
}

@article{furtado:2015,
  author={Furtado, Luiz Felipe De Almeida and Silva, Thiago Sanna Freire and Fernandes, Pedro Jos{\'{e}} Farias and Novo, Evelyn M{\'{a}}rcia Le{\~{a}}o De Moraes},
  doi={10.1590/1809-4392201401439},
  issn={0044-5967},
  journal={Acta Amazonica},
  number={2},
  pages={195--202},
  title={{Land cover classification of Lago Grande de Curuai floodplain (Amazon, Brazil) using multi-sensor and image fusion techniques}},
  volume={45},
  year={2015}
}

@article{ferreira:2012,
  author={Ferreira, Leandro Valle},
  journal={Geografia (Londrina)},
  number={3},
  pages={115--131},
  title={{Classifica{\c{c}}{\~{a}}o da cobertura da terra na Amaz{\^{o}}nia com base em imagens de sat{\'{e}}lite e caracteriza{\c{c}}{\~{a}}o das classes com rela{\c{c}}{\~{a}}o {\`{a}} superf{\'{i}}cie do terreno}},
  volume={21},
  year={2012}
}

@article{latorre:2007,
  author={Latorre, Marcelo Lopes and de {Carvalho J{\'{u}}nior}, Osmar Ab{\'{i}}lio and dos Santos, Jo{\~{a}}o Roberto and Shimabukuro, Yosio Edemir},
  doi={10.1590/S0102-261X2007000100006},
  issn={0102-261X},
  journal={Revista Brasileira de Geof{\'{i}}sica},
  month={mar},
  number={1},
  pages={1689--1699},
  title={{Integra{\c{c}}{\~{a}}o de dados de sensoriamento remoto multi resolu{\c{c}}{\~{o}}es para a representa{\c{c}}{\~{a}}o da cobertura da terra utilizando campos cont{\'{i}}nuos de vegeta{\c{c}}{\~{a}}o e classifica{\c{c}}{\~{a}}o por {\'{a}}rvores de decis{\~{a}}o}},
  volume={25},
  year={2007}
}

@article{espiritosanto:2005,
  author={Esp{\'{i}}rito-Santo, Fernando Del Bon and Shimabukuro, Yosio Edemir},
  doi={10.1590/S0100-67622005000200006},
  issn={0100-6762},
  journal={Revista {\'{A}}rvore},
  number={2},
  pages={227--239},
  title={{Valida{\c{c}}{\~{a}}o do mapeamento de uma {\'{a}}rea de floresta tropical com o uso imagens de videografia a{\'{e}}rea e dados de levantamento de campo}},
  volume={29},
  year={2005}
}

@article{vasconcelos:2001,
  author={Vasconcelos, C{\'{i}}ntia Hon{\'{o}}rio and Novo, Evlyn M{\'{a}}rcia Le{\~{a}}o De Moraes},
  doi={10.1590/S0044-59672004000300014},
  isbn={0044-5967  UL  - http://www.scielo.br/scielo.php?script=sci{\_}arttext{\&}pid=S0044-59672004000300014{\&}nrm=iso},
  issn={0044-5967},
  journal={Instituto Nacional de Pesquisas da Amaz{\^{o}}nia - ACTA Amaz{\^{o}}nica},
  number={3},
  pages={487--493},
  title={{Mapeamento do uso e cobertura da terra a partir da segmenta{\c{c}}{\~{a}}o e classifica{\c{c}}{\~{a}}o de imagens – fra{\c{c}}{\~{a}}o solo , sombra e vegeta{\c{c}}{\~{a}}o derivadas do modelo linear de mistura aplicado a dados do sensor TM / Landsat5 , na regi{\~{a}}o do reservat{\'{o}}rio de Tucuru{\'{i}} - PA .}},
  volume={34},
  year={2001}
}

@article{azevedo:2014,
  author={Azevedo, Adriana Rodrigues De and Santos, Jo{\~{a}}o Roberto Dos and Gama, F{\'{a}}bio Furlan and Gra{\c{c}}a, Paulo Maur{\'{i}}cio Lima De Alencastro and Mura, Jos{\'{e}} Cl{\'{a}}udio},
  doi={10.1590/S0044-59672014000100009},
  issn={00445967},
  journal={Acta Amazonica},
  number={1},
  pages={87--98},
  title={{Caracteriza{\c{c}}{\~{a}}o de uso e cobertura da terra na Amaz{\^{o}}nia utilizando imagens duais multitemporais do COSMO-SkyMed}},
  volume={44},
  year={2014}
}

@article{souza:2013,
  author={Souza, Carlos M. and Siqueira, Jo{\~{a}}o V. and Sales, Marcio H. and Fonseca, Ant{\^{o}}nio V. and Ribeiro, J{\'{u}}lia G. and Numata, Izaya and Cochrane, Mark A. and Barber, Christopher P. and Roberts, Dar A. and Barlow, Jos},
  doi={10.3390/rs5115493},
  isbn={10.3390/rs5115493},
  issn={20724292},
  journal={Remote Sensing},
  number={11},
  pages={5493--5513},
  title={Ten-year landsat classification of deforestation and forest degradation in the brazilian amazon},
  volume={5},
  year={2013}
}

@inproceedings{pla:2013,
  author={F. Pla and P. L. Carmona and J. M. Sotoca},
  booktitle={Information Optics (WIO), 2013 12th Workshop on},
  title={One-class classification techniques in image recognition problems},
  year={2013},
  pages={1-3},
  doi={10.1109/WIO.2013.6601253},
  month={July}
}

@inproceedings{wang:2013,
  author={X. Wang and S. Wu and Y. Zhang and W. Aihua and C. Hou},
  booktitle={Geoscience and Remote Sensing Symposium (IGARSS), 2013 IEEE International},
  title={A one-class classification by spatial-contextual for remotely sensed image},
  year={2013},
  pages={437-440},
  doi={10.1109/IGARSS.2013.6721186},
  issn={2153-6996},
  month={July}
}

@inproceedings{hegenbart:2012,
  author={S. Hegenbart and A. Uhl and A. Vécsei},
  booktitle={Computer-Based Medical Systems (CBMS), 2012 25th International Symposium on},
  title={On the implicit handling of varying distances and gastrointestinal regions in endoscopic video sequences with indication for celiac disease},
  year={2012},
  pages={1-6},
  doi={10.1109/CBMS.2012.6266354},
  issn={1063-7125},
  month={June}
}

@inproceedings{mari:2007,
  author={J. Munoz-Mari and G. Camps-Valls and L. Gomez-Chova and J. Calpe-Maravilla},
  booktitle={Geoscience and Remote Sensing Symposium, 2007. IGARSS 2007. IEEE International},
  title={Combination of one-class remote sensing image classifiers},
  year={2007},
  pages={1509-1512},
  doi={10.1109/IGARSS.2007.4423095},
  month={July}
}

@article{martin:2004,
  author={D. R. Martin and C. C. Fowlkes and J. Malik},
  journal={IEEE Transactions on Pattern Analysis and Machine Intelligence},
  title={Learning to detect natural image boundaries using local brightness, color, and texture cues},
  year={2004},
  volume={26},
  number={5},
  pages={530-549},
  doi={10.1109/TPAMI.2004.1273918},
  issn={0162-8828},
  month={May}
}

@book{yadav:2009,
  title={Digital Image Processing},
  author={Yadav, A. and Yadav, P.},
  isbn={9788131805244},
  year={2009},
  publisher={Laxmi Publications Pvt Limited}
}

@inproceedings{ojala:1994,
  author={T. Ojala and M. Pietikainen and D. Harwood},
  booktitle={Pattern Recognition, 1994. Vol. 1 - Conference A: Computer Vision amp; Image Processing., Proceedings of the 12th IAPR International Conference on},
  title={Performance evaluation of texture measures with classification based on Kullback discrimination of distributions},
  year={1994},
  volume={1},
  pages={582-585 vol.1},
  doi={10.1109/ICPR.1994.576366},
  month={Oct}
}

@techreport{hough:1962,
  title={Method and means for recognizing complex patterns},
  author={Hough, Paul VC},
  year={1962}
}

@article{duda:1972,
  title={Use of the Hough transformation to detect lines and curves in pictures},
  author={Duda, Richard O and Hart, Peter E},
  journal={Communications of the ACM},
  volume={15},
  number={1},
  pages={11--15},
  year={1972},
  publisher={ACM}
}